<?xml version="1.0" encoding="UTF-8"?><collection><record><leader>06897ntm a2200649 a 4500</leader><controlfield tag="001">006822266</controlfield><controlfield tag="003">MiAaHDL</controlfield><controlfield tag="005">20190719000000.0</controlfield><controlfield tag="006">m        d        </controlfield><controlfield tag="007">cr bn ---auaua</controlfield><controlfield tag="008">090623s1581    xx            00| ||ota d</controlfield><datafield tag="035" ind1=" " ind2=" "><subfield code="a">(MiU)006822266</subfield></datafield><datafield tag="035" ind1=" " ind2=" "><subfield code="a">sdr-miu006822266</subfield></datafield><datafield tag="040" ind1=" " ind2=" "><subfield code="a">MiU</subfield><subfield code="c">MiU</subfield><subfield code="e">amremm</subfield></datafield><datafield tag="041" ind1="0" ind2=" "><subfield code="a">ota</subfield></datafield><datafield tag="043" ind1=" " ind2=" "><subfield code="a">n-us-mi</subfield></datafield><datafield tag="100" ind1="0" ind2=" "><subfield code="6">880-01</subfield><subfield code="a">Necâtî Bey,</subfield><subfield code="d">-1509.</subfield></datafield><datafield tag="240" ind1="1" ind2="0"><subfield code="6">880-02</subfield><subfield code="a">Divan</subfield></datafield><datafield tag="245" ind1="1" ind2="0"><subfield code="6">880-03</subfield><subfield code="a">[Divan-ı Necâtî Bey,</subfield><subfield code="f">989, i.e. 1581].</subfield></datafield><datafield tag="246" ind1="3" ind2=" "><subfield code="a">Necati Bey divanı</subfield></datafield><datafield tag="246" ind1="3" ind2=" "><subfield code="i">Title from colophon on p.427:</subfield><subfield code="a">ديوان نجاتي</subfield></datafield><datafield tag="246" ind1="3" ind2=" "><subfield code="i">Edge title (tail):</subfield><subfield code="a">ديوان نجاتى</subfield></datafield><datafield tag="246" ind1="3" ind2=" "><subfield code="i">Edge title (head):</subfield><subfield code="a">ديوان نجاتى</subfield></datafield><datafield tag="260" ind1=" " ind2=" "><subfield code="c">[1581].</subfield></datafield><datafield tag="300" ind1=" " ind2=" "><subfield code="a">214 leaves :</subfield><subfield code="b">paper ;</subfield><subfield code="c">268 x 187 (155 x 89) mm.</subfield></datafield><datafield tag="500" ind1=" " ind2=" "><subfield code="a">Shelfmark: Ann Arbor, University of Michigan, Special Collections Library, Isl. Ms. 403</subfield></datafield><datafield tag="500" ind1=" " ind2=" "><subfield code="a">Origin: As appears in colophon on p.427, copied by Shujāʻ al-Dīn Muḥammad Shīrāzī with transcription completed in Shaʻbān 989 [September 1581].</subfield></datafield><datafield tag="500" ind1=" " ind2=" "><subfield code="a">Former shelfmark: "229 T. De M. [i.e. Tammaro De Marinis]" inscribed in pencil on verso of front flyleaf (p.2) ; "٤٠" on front flyleaf (p.1) ; "٦٩٧" on spine label.</subfield></datafield><datafield tag="500" ind1=" " ind2=" "><subfield code="a">Binding: Pasteboards covered in dark red leather ; Type II binding (with flap) ; doublures in dark red leather with central mandorla and cornerpieces in gold-painted leather filigree appliqué over blue paper, pendants in black filigree appliqué over gold leaf, as well as gold-painted accents ; upper and lower covers carry stamped (with once gold-painted recessed onlays in dark red leather) mandorla (filled with symmetrical vegetal composition, compare Déroche class. OSd 3), pendants, cornerpieces and border lozenges ; design continues on flap ; sewn in dark pink thread, two stations ; worked chevron endbands in pink and yellow, poor condition with tailband entirely gone and headband significantly damaged with losses of threads and core exposed ; overall in poor condition with much abrasion, lifting and losses of leather, fore edge flap detaching, etc. ; numerous repairs in another dark red-brown leather (at edges, spine / rebacked, joints, hinges / rehinged, etc.).</subfield></datafield><datafield tag="500" ind1=" " ind2=" "><subfield code="a">Support: non-European (likely Persian) laid paper with 8 laid lines per cm. (horizontal, fairly distinct, some curving) and occasional pairs of chain lines only faintly visible, somewhat cloudy formation , some inclusions, quite sturdy, well-burnished, dark cream to beige in color ; later flyleaves in European laid paper ; breakthrough at frames in many leaves ; numerous repairs (fills, guards, etc.).</subfield></datafield><datafield tag="500" ind1=" " ind2=" "><subfield code="a">Decoration: Exquisite illuminated headpiece (ʻunwān / sarlawḥ) at opening on p.6, consisting of large rectangular piece with empty gold cartouche surrounded by elegant arabesques with floral accents in gold, red, yellow, and light blue on a lapis lazuli ground and bordered in a bands of red and heavy gold interlace, surmounted by a large scalloped w-shaped piece filled with delicate arabesques in gold, light blue, yellow, red and white on grounds of gold and lapis lazuli divided by bands of white and turquoise to a series of scalloped dome or diamond shapes, itself surmounted by vertical stalks (tīgh) and set in a well of light blue and gold ; another exquisite illuminated headpiece (rectangular piece surmounted by scalloped dome set in heavy band) at opening of section on p.108 ; written area surrounded by a frame consisting of bands of red, turquoise, and gold defined by black fillets with outermost blue rule, divisions within (some gold-flecked) defined by narrow gold bands outlined with black fillets ; keywords and headings chrysographed ; textual dividers in the form of gold discs.</subfield></datafield><datafield tag="500" ind1=" " ind2=" "><subfield code="a">Script: Nastaʻlīq ; elegant hand ; serifless, with effect of words descending to baseline, closed counters, and elongated horizontal strokes.</subfield></datafield><datafield tag="500" ind1=" " ind2=" "><subfield code="a">Layout: Written in 15 lines per page, with written area often divided to two columns ; frame-ruled.</subfield></datafield><datafield tag="500" ind1=" " ind2=" "><subfield code="a">Collation: i, 6 IV(48), II (52), 20 IV(212), I (214), ii ; almost exclusively quaternions ; leaves between sections left blank (pp.102-107) ; catchwords present ; pagination in pencil, Western numerals, supplied during digitization (includes flyleaves).</subfield></datafield><datafield tag="500" ind1=" " ind2=" "><subfield code="a">Colophon: "Scribal," rectangular, reads "فرغ من تمت الديوان نجاتي عليه الرحمة فى يوم السبت شهر شعبان المبارك سنه ٩٨٩ تسع وثمانين وتسعمائه عن يد الفقير الحقير شجاع الدين محمد شيرازى"</subfield></datafield><datafield tag="500" ind1=" " ind2=" "><subfield code="a">Explicit: "دنيا ايچنده باغ ارم كورمك استين سورسن يوزن مزارنه اول يوجه حضرتك"</subfield></datafield><datafield tag="500" ind1=" " ind2=" "><subfield code="a">Incipit:"بسم الله الرحمن الرحيم اولدى چو عنوان ديوان قديم كلوكز اولالم كه وبى كاه ذاكر لا اله الا الله ..."</subfield></datafield><datafield tag="500" ind1=" " ind2=" "><subfield code="a">Title supplied by cataloguer.</subfield></datafield><datafield tag="500" ind1=" " ind2=" "><subfield code="a">Ms. codex.</subfield></datafield><datafield tag="510" ind1="4" ind2=" "><subfield code="a">Cat. Turk. MSS. Brit. Mus.,</subfield><subfield code="c">p.171</subfield></datafield><datafield tag="520" ind1="8" ind2=" "><subfield code="a">Elegant copy of the Dīvān of Necâtî Bey (İsa) Edirnevî (d.1509).</subfield></datafield><datafield tag="538" ind1=" " ind2=" "><subfield code="a">Mode of access: Internet.</subfield></datafield><datafield tag="541" ind1=" " ind2=" "><subfield code="c">Purchase ;</subfield><subfield code="a">Acquired by purchase (funds donated by Horace Rackham).</subfield><subfield code="d">1924.</subfield></datafield><datafield tag="546" ind1=" " ind2=" "><subfield code="a">Ottoman Turkish.</subfield></datafield><datafield tag="561" ind1=" " ind2=" "><subfield code="a">Partially effaced ownership statement on opening leaf (left blank to serve as flyleaf, p.3) ; former owners' marks on 'title page' (p.5) include statement in name of Khaṭṭātʹzādah al-Sayyid Yaḥyá Rāʼiq ( Hattatzade [Hatatzade] Yahya Rayik / خطاط زاده السيد يحيى رايق ), statement reads "وحسبى الله ... قد تملك افقر العباد الضعيف خطاط زاده السيد يحيى رائق" and circular seal impression in name of one Ahmet (احمد) ; kabīkaj invocation "يا حفيظ يا كبيكج" and partially effaced ownership statement in name of one Mehmet ( محمد ) on verso of back flyleaf (p.430).</subfield></datafield><datafield tag="650" ind1=" " ind2="0"><subfield code="a">Manuscripts, Turkish</subfield><subfield code="z">Michigan</subfield><subfield code="z">Ann Arbor.</subfield></datafield><datafield tag="650" ind1=" " ind2="0"><subfield code="a">Turkish poetry</subfield><subfield code="y">15th century.</subfield></datafield><datafield tag="655" ind1=" " ind2="7"><subfield code="a">Headpieces (layout features)</subfield><subfield code="y">16th century.</subfield><subfield code="2">aat</subfield></datafield><datafield tag="700" ind1="0" ind2=" "><subfield code="a">Abdülhamid</subfield><subfield code="b">II,</subfield><subfield code="c">Sultan of the Turks,</subfield><subfield code="d">1842-1918,</subfield><subfield code="e">former owner.</subfield></datafield><datafield tag="700" ind1="0" ind2=" "><subfield code="6">880-07</subfield><subfield code="a">Hattatzade Yahya Rayik,</subfield><subfield code="e">former owner.</subfield></datafield><datafield tag="700" ind1="0" ind2=" "><subfield code="6">880-05</subfield><subfield code="a">Shujāʻ al-Dīn Muḥammad Shīrāzī,</subfield><subfield code="d">fl. 1581,</subfield><subfield code="e">scribe.</subfield></datafield><datafield tag="773" ind1="0" ind2=" "><subfield code="a">Abdul Hamid Collection.</subfield></datafield><datafield tag="880" ind1="0" ind2=" "><subfield code="6">700-07/</subfield><subfield code="a">خطاط زاده يحيى رائق,</subfield><subfield code="e">مالك سابق.</subfield></datafield><datafield tag="880" ind1="0" ind2=" "><subfield code="6">700-05/</subfield><subfield code="a">شجاع الدين محمد شيرازى,</subfield><subfield code="e">ناسخ.</subfield></datafield><datafield tag="880" ind1="1" ind2="0"><subfield code="6">245-03/</subfield><subfield code="a">[ديوان نجاتى بك,</subfield><subfield code="f">989ه, 1581م].</subfield></datafield><datafield tag="880" ind1="1" ind2="0"><subfield code="6">240-02/</subfield><subfield code="a">ديوان</subfield></datafield><datafield tag="880" ind1="0" ind2=" "><subfield code="6">100-01/</subfield><subfield code="a">نجاتى بك.</subfield></datafield><datafield tag="CID" ind1=" " ind2=" "><subfield code="a">006822266</subfield></datafield><datafield tag="DAT" ind1="0" ind2=" "><subfield code="a">20190719102640.0</subfield><subfield code="b">20190719000000.0</subfield></datafield><datafield tag="DAT" ind1="1" ind2=" "><subfield code="a">20190719090653.0</subfield><subfield code="b">2019-07-19T16:12:07Z</subfield></datafield><datafield tag="DAT" ind1="2" ind2=" "><subfield code="a">2015-10-02T18:00:03Z</subfield></datafield><datafield tag="CAT" ind1=" " ind2=" "><subfield code="a">SDR-MIU</subfield><subfield code="d">EX LIBRIS - ALEPH</subfield><subfield code="l">prepare.pl-004-008</subfield></datafield><datafield tag="FMT" ind1=" " ind2=" "><subfield code="a">BK</subfield></datafield><datafield tag="HOL" ind1=" " ind2=" "><subfield code="0">sdr-miu006822266</subfield><subfield code="a">MiU</subfield><subfield code="b">SDR</subfield><subfield code="c">MIU</subfield><subfield code="p">mdp.39015079130707</subfield><subfield code="s">MIU</subfield><subfield code="1">006822266</subfield></datafield><datafield tag="974" ind1=" " ind2=" "><subfield code="b">MIU</subfield><subfield code="c">MIU</subfield><subfield code="d">20190719</subfield><subfield code="s">lit-dlps-dc</subfield><subfield code="u">mdp.39015079130707</subfield><subfield code="y">1581</subfield><subfield code="r">pd</subfield><subfield code="q">bib</subfield><subfield code="t">non-US bib date1 &lt; 1896</subfield></datafield></record></collection>